
@entry{kaufteil,
  author = {{Firma des Kaufteils}},
  title  = {{Was wurde gekauft}},
  keywords = {Kaufteile}
}

@entry{quelle,
  author = {{Jemand}},
  title  = {{Hier steht der Titlte}}
}