% Encoding: UTF-8

@abbreviation{html, 
  short = {HTML}, 
  long = {hypertext markup language},
  identifier={abkuerz} 
}

@entry{api,
    name={Application Programming Interface (API)},
    description={An Application Programming Interface (API) is a particular set of rules and specifications that a software program can follow to access and make use of the services and resources provided by another particular software program that implements that API},
    first={Application Programming Interface (API)},
    text={API},
    identifier={erklaer}
}

@math{x,
  formula={{\ensuremath{x}}},
  mathname={Variable},
  identifier={math}
}

@unit{I,
  name={\ensuremath{I}},
  unit={\si{\ampere}},
  description={electric current},
  identifier={units}
}

@unit{m,
  name={\ensuremath{m}},
  unit={\si{\kilogram}},
  description={Masse},
  identifier={units}
}
@unit{t_sys,
  name={\ensuremath{T_{sys}}},
  unit={\si{\degreeCelsius}},
  description={Systemtemperatur},
  identifier={units}
}
